@manual{kravspec,
autor = "Adam Andersson, Niclas Byrsten, Björn Hvass, Hendrik Lindström, Martin Persson, Christoffer Sjöbergsson, Tor Utterborn.",
title = "Schemaläggningsstöd för  kirurgi Kravspecifikation",
year  = "2018",
type = "Arbetsdokument"
}

@manual{testprot-mall,
autor = "Adam Andersson, Niclas Byrsten, Björn Hvass, Hendrik Lindström, Martin Persson, Christoffer Sjöbergsson, Tor Utterborn.",
title = "testprotokoll-mall",
year  = "2018",
type = "Arbetsdokument"
}

@manual{testspec-mall,
autor = "Adam Andersson, Niclas Byrsten, Björn Hvass, Hendrik Lindström, Martin Persson, Christoffer Sjöbergsson, Tor Utterborn.",
title = "testspecifikation-mall",
year  = "2018",
type = "Arbetsdokument"
}
