@manual{goliat,
autor = "Daniel Hall",
organization = "Region Östergötland",
title = "GOLI(a)T-projektet,  Delresultat - Operationsprocessen",
year  = "2017",
note = "Diarienummer: SC-2017-00217"
}
