@online{angularguide,
    title = "Architecture Overview",
    url = "https://angular.io/guide/architecture"
}

@online{mongodbintro,
	title = "Introduction to MongoDB",
	url = "https://docs.mongodb.com/manual/introduction/"
}

@online{mvc,
	title = "Model-view-controller",
	url = "https://en.wikipedia.org/wiki/Model-view-controller"
}

@manual{kravspec,
autor = "Adam Andersson, Niclas Byrsten, Björn Hvass, Hendrik Lindström, Martin Persson, Christoffer Sjöbergsson, Tor Utterborn.",
title = "Schemaläggningsstöd för  kirurgi Kravspecifikation",
year  = "2018",
type = "Arbetsdokument"
}